<record><leader>00000cas a22000007a 4500</leader><controlfield tag="001">19544524</controlfield><controlfield tag="008">890413d18921893mousr ne      0    0eng d</controlfield><datafield ind1=" " ind2=" " tag="010"><subfield code="a">sn 89066471 </subfield></datafield><datafield ind1=" " ind2=" " tag="040"><subfield code="a">MQN</subfield><subfield code="b">eng</subfield><subfield code="c">MQN</subfield><subfield code="d">OCLCQ</subfield></datafield><datafield ind1=" " ind2=" " tag="042"><subfield code="a">msc</subfield></datafield><datafield ind1="0" ind2=" " tag="130"><subfield code="a">Semi-weekly star (Boonville, Mo. : 1892)</subfield></datafield><datafield ind1="1" ind2="4" tag="245"><subfield code="a">The semi-weekly star.</subfield></datafield><datafield ind1=" " ind2=" " tag="260"><subfield code="a">Boonville, Mo. :</subfield><subfield code="b">Smiley &amp; Wright,</subfield><subfield code="c">1892-1893.</subfield></datafield><datafield ind1=" " ind2=" " tag="300"><subfield code="a">v.</subfield></datafield><datafield ind1=" " ind2=" " tag="310"><subfield code="a">Semiweekly</subfield></datafield><datafield ind1="0" ind2=" " tag="362"><subfield code="a">Old ser., vol. 6, no. 62 (June 25, 1892)-old ser., v. 6, no. 86 (Sept. 17, 1892) = New ser., v. 1, no. 5 (June 25, 1892)-new ser., v. 1, no. 29 (Sept. 17, 1892); New ser., v. 1, no. 30 (Sept. 21, 1892)-new ser., v. 1, no. 103 (June 7, 1893).</subfield></datafield><datafield ind1=" " ind2=" " tag="515"><subfield code="a">Announced cessation, June 7, 1893. Resumed publication briefly as Semi-weekly star (Boonville, Mo. : 1894).</subfield></datafield><datafield ind1=" " ind2=" " tag="515"><subfield code="a">Old ser. designation dropped, Sept. 21, 1892.</subfield></datafield><datafield ind1=" " ind2="4" tag="651"><subfield code="a">Boonville (Mo.)</subfield><subfield code="v">Newspapers.</subfield></datafield><datafield ind1=" " ind2=" " tag="752"><subfield code="a">United States</subfield><subfield code="b">Missouri</subfield><subfield code="c">Cooper</subfield><subfield code="d">Boonville.</subfield></datafield><datafield ind1="0" ind2="0" tag="780"><subfield code="t">Star (Boonville, Mo. : 1891)</subfield><subfield code="w">(DLC)sn 93060141</subfield></datafield><datafield ind1="0" ind2="4" tag="785"><subfield code="t">Cooper County democrat</subfield><subfield code="w">(DLC)sn 89066443</subfield></datafield><datafield ind1="0" ind2=" " tag="787"><subfield code="t">Semi-weekly star (Boonville, Mo. : 1894)</subfield><subfield code="w">(DLC)sn 93060401</subfield></datafield><datafield ind1="1" ind2=" " tag="029"><subfield code="a">AU@</subfield><subfield code="b">000020551151</subfield></datafield></record>